<record><leader>00000cas a2200000 a 4500</leader><controlfield tag="001">20513782</controlfield><controlfield tag="008">891019d19871994ncumr ne      0   a0eng d</controlfield><datafield ind1=" " ind2=" " tag="010"><subfield code="a">sn 92004657 </subfield></datafield><datafield ind1=" " ind2=" " tag="040"><subfield code="a">WIH</subfield><subfield code="b">eng</subfield><subfield code="c">WIH</subfield><subfield code="d">NSD</subfield><subfield code="d">NVJ</subfield><subfield code="d">OCLCQ</subfield><subfield code="d">NSD</subfield><subfield code="d">OCLCQ</subfield><subfield code="d">OCLCF</subfield><subfield code="d">OCLCO</subfield><subfield code="d">OCL</subfield><subfield code="d">OCLCA</subfield></datafield><datafield ind1=" " ind2=" " tag="012"><subfield code="l">1</subfield></datafield><datafield ind1="1" ind2=" " tag="022"><subfield code="a">1062-5267</subfield><subfield code="l">1062-5267</subfield><subfield code="2">1</subfield></datafield><datafield ind1=" " ind2=" " tag="037"><subfield code="b">Green Line, PO Box 144, Asheville, NC 28802</subfield></datafield><datafield ind1=" " ind2=" " tag="042"><subfield code="a">nsdp</subfield><subfield code="a">msc</subfield></datafield><datafield ind1=" " ind2=" " tag="043"><subfield code="a">n-us-nc</subfield></datafield><datafield ind1=" " ind2="0" tag="222"><subfield code="a">Green line</subfield></datafield><datafield ind1="0" ind2="0" tag="245"><subfield code="a">Green line :</subfield><subfield code="b">the newsletter of the Western North Carolina Greens.</subfield></datafield><datafield ind1=" " ind2=" " tag="260"><subfield code="a">Asheville, NC :</subfield><subfield code="b">WNC Green Movement,</subfield><subfield code="c">1987-</subfield></datafield><datafield ind1=" " ind2=" " tag="300"><subfield code="a">v. :</subfield><subfield code="b">ill. ;</subfield><subfield code="c">37 cm.</subfield></datafield><datafield ind1=" " ind2=" " tag="310"><subfield code="a">Monthly</subfield></datafield><datafield ind1="0" ind2=" " tag="362"><subfield code="a">Vol. 1, no. 1 (Oct. 1987)-v. 7, no. 19 (July 1994).</subfield></datafield><datafield ind1=" " ind2=" " tag="500"><subfield code="a">Issues for &lt;Mar. 1992-&gt; published by Green Line Media.</subfield></datafield><datafield ind1=" " ind2=" " tag="588"><subfield code="a">Latest issue consulted: Vol. 5, no. 7 (Mar. 1992) (surrogate).</subfield></datafield><datafield ind1=" " ind2="0" tag="650"><subfield code="a">World politics</subfield><subfield code="y">20th century</subfield><subfield code="v">Newspapers.</subfield></datafield><datafield ind1=" " ind2="0" tag="650"><subfield code="a">Ecology</subfield><subfield code="v">Newspapers.</subfield></datafield><datafield ind1=" " ind2="0" tag="650"><subfield code="a">Environmental protection</subfield><subfield code="z">North Carolina</subfield><subfield code="v">Newspapers.</subfield></datafield><datafield ind1=" " ind2="7" tag="650"><subfield code="a">Ecology.</subfield><subfield code="2">fast</subfield><subfield code="0">(OCoLC)fst00901476</subfield></datafield><datafield ind1=" " ind2="7" tag="650"><subfield code="a">Environmental protection.</subfield><subfield code="2">fast</subfield><subfield code="0">(OCoLC)fst00913324</subfield></datafield><datafield ind1=" " ind2="7" tag="650"><subfield code="a">World politics.</subfield><subfield code="2">fast</subfield><subfield code="0">(OCoLC)fst01181381</subfield></datafield><datafield ind1=" " ind2="7" tag="651"><subfield code="a">North Carolina.</subfield><subfield code="2">fast</subfield><subfield code="0">(OCoLC)fst01204304</subfield></datafield><datafield ind1=" " ind2="7" tag="648"><subfield code="a">1900-1999</subfield><subfield code="2">fast</subfield></datafield><datafield ind1=" " ind2="7" tag="655"><subfield code="a">Newspapers.</subfield><subfield code="2">fast</subfield><subfield code="0">(OCoLC)fst01423814</subfield></datafield><datafield ind1="2" ind2=" " tag="710"><subfield code="a">Western North Carolina Greens.</subfield></datafield><datafield ind1=" " ind2=" " tag="752"><subfield code="a">United States</subfield><subfield code="b">North Carolina</subfield><subfield code="c">Buncombe</subfield><subfield code="d">Asheville.</subfield></datafield><datafield ind1="0" ind2="7" tag="785"><subfield code="t">On the line (Asheville, N.C.)</subfield><subfield code="w">(OCoLC)28815984</subfield></datafield><datafield ind1="0" ind2="7" tag="785"><subfield code="t">Mountain xpress</subfield><subfield code="w">(OCoLC)30694746</subfield></datafield><datafield ind1="1" ind2=" " tag="029"><subfield code="a">AU@</subfield><subfield code="b">000040182405</subfield></datafield></record>